<?xml version="1.0"?>
<collection xmlns="http://www.loc.gov/MARC21/slim">
  <record>
    <leader>02107cam a2200457 a 4500</leader>
    <controlfield tag="001">19891990pp41bory</controlfield>
    <controlfield tag="003">CaSfIA</controlfield>
    <controlfield tag="005">20160527173545.0</controlfield>
    <controlfield tag="007">cr||||||||||||</controlfield>
    <controlfield tag="008">931220s1991    abc      bc   001 0 ukrod</controlfield>
    <datafield tag="010" ind1=" " ind2=" ">
      <subfield code="a">   97149052</subfield>
    </datafield>
    <datafield tag="016" ind1=" " ind2=" ">
      <subfield code="a">950007080</subfield>
    </datafield>
    <datafield tag="035" ind1=" " ind2=" ">
      <subfield code="a">ocm31660886</subfield>
    </datafield>
    <datafield tag="040" ind1=" " ind2=" ">
      <subfield code="a">CaOONL</subfield>
      <subfield code="b">eng</subfield>
      <subfield code="c">DLC</subfield>
      <subfield code="d">AEU</subfield>
      <subfield code="d">CaSfIA</subfield>
    </datafield>
    <datafield tag="042" ind1=" " ind2=" ">
      <subfield code="a">lccopycat</subfield>
    </datafield>
    <datafield tag="043" ind1=" " ind2=" ">
      <subfield code="a">e-ur-un</subfield>
    </datafield>
    <datafield tag="050" ind1="0" ind2="0">
      <subfield code="a">Z6956.U4</subfield>
      <subfield code="b">B67 1991</subfield>
    </datafield>
    <datafield tag="055" ind1="0" ind2="0">
      <subfield code="a">Z6956 U5</subfield>
      <subfield code="b">V83 1991 fol.</subfield>
    </datafield>
    <datafield tag="055" ind1="0" ind2="2">
      <subfield code="a">Z6956*</subfield>
    </datafield>
    <datafield tag="082" ind1="0" ind2="4">
      <subfield code="a">016.3242/3/094771</subfield>
      <subfield code="2">20</subfield>
    </datafield>
    <datafield tag="090" ind1=" " ind2=" ">
      <subfield code="a">PN 5355 U38 Z9 B67 1991</subfield>
      <subfield code="b">AEU</subfield>
    </datafield>
    <datafield tag="100" ind1="1" ind2=" ">
      <subfield code="a">Borysenko, T. O.</subfield>
    </datafield>
    <datafield tag="245" ind1="1" ind2="0">
      <subfield code="a">Vydanni&#x361;a politychnykh parti&#x12D;, rukhiv, samodii&#x361;al&#x2B9;nykh hromads&#x2B9;kykh ob&#x2B9;i&#x361;ednan&#x2B9; i tovarystv, 1989-1990 rr. :</subfield>
      <subfield code="h">[electronic resource] </subfield>
      <subfield code="b">kataloh : za materialamy hazetnykh fondiv T&#x361;SNB im. V.I. Vernads&#x2B9;koho AN URSR /</subfield>
      <subfield code="c">[ukladachi, T.O. Borysenko (kerivnyk), O.A. Zavarzina, O.S. Zalizni&#x361;uk].</subfield>
    </datafield>
    <datafield tag="260" ind1=" " ind2=" ">
      <subfield code="a">Edmonton, Alta. :</subfield>
      <subfield code="b">Vyd-vo Kanads&#x2B9;koho in-tu ukra&#xEF;ns&#x2B9;kykh studi&#x12D;, Al&#x2B9;berts&#x2B9;ky&#x12D; universytet ;</subfield>
      <subfield code="a">Kyiv&#x308; :</subfield>
      <subfield code="b">MP vydavnychy&#x12D; t&#x361;sentr "FITA",</subfield>
      <subfield code="c">1991.</subfield>
    </datafield>
    <datafield tag="300" ind1=" " ind2=" ">
      <subfield code="a">34 p. ;</subfield>
      <subfield code="c">28 cm.</subfield>
    </datafield>
    <datafield tag="336" ind1=" " ind2=" ">
      <subfield code="a">text</subfield>
      <subfield code="b">txt</subfield>
      <subfield code="2">rdacontent</subfield>
    </datafield>
    <datafield tag="337" ind1=" " ind2=" ">
      <subfield code="a">unmediated</subfield>
      <subfield code="b">n</subfield>
      <subfield code="2">rdamedia</subfield>
    </datafield>
    <datafield tag="338" ind1=" " ind2=" ">
      <subfield code="a">volume</subfield>
      <subfield code="b">nc</subfield>
      <subfield code="2">rdacarrier</subfield>
    </datafield>
    <datafield tag="490" ind1="1" ind2=" ">
      <subfield code="a">Serii&#x361;a Dovidnykiv ;</subfield>
      <subfield code="v">dovidnyk no. 41</subfield>
    </datafield>
    <datafield tag="500" ind1=" " ind2=" ">
      <subfield code="a">Title on added t.p.: Publications of political parties, movements, independent associations and societies in Ukraine, 1989-1990 : a catalogue.</subfield>
    </datafield>
    <datafield tag="500" ind1=" " ind2=" ">
      <subfield code="a">Includes index.</subfield>
    </datafield>
    <datafield tag="596" ind1=" " ind2=" ">
      <subfield code="a">38</subfield>
    </datafield>
    <datafield tag="610" ind1="2" ind2="0">
      <subfield code="a">T&#x361;Sentral&#x2B9;na naukova biblioteka im. V.I. Vernads&#x2B9;koho</subfield>
      <subfield code="v">Catalogs.</subfield>
    </datafield>
    <datafield tag="650" ind1=" " ind2="0">
      <subfield code="a">Ukrainian newspapers</subfield>
      <subfield code="v">Bibliography</subfield>
      <subfield code="v">Catalogs.</subfield>
    </datafield>
    <datafield tag="650" ind1=" " ind2="0">
      <subfield code="a">Ukrainian periodicals</subfield>
      <subfield code="v">Bibliography</subfield>
      <subfield code="v">Catalogs.</subfield>
    </datafield>
    <datafield tag="650" ind1=" " ind2="0">
      <subfield code="a">Underground press publications</subfield>
      <subfield code="z">Ukraine</subfield>
      <subfield code="v">Bibliography</subfield>
      <subfield code="v">Catalogs.</subfield>
    </datafield>
    <datafield tag="651" ind1=" " ind2="0">
      <subfield code="a">Ukraine</subfield>
      <subfield code="x">Politics and government</subfield>
      <subfield code="y">1945-1991</subfield>
      <subfield code="v">Bibliography</subfield>
      <subfield code="v">Catalogs.</subfield>
    </datafield>
    <datafield tag="700" ind1="1" ind2=" ">
      <subfield code="a">Zavarzina, O. A.</subfield>
    </datafield>
    <datafield tag="700" ind1="1" ind2=" ">
      <subfield code="a">Zalizni&#x361;uk, O. S.</subfield>
    </datafield>
    <datafield tag="740" ind1="0" ind2=" ">
      <subfield code="a">Publications of political parties, movements, independent associations and societies in Ukraine, 1989-1990.</subfield>
    </datafield>
    <datafield tag="830" ind1=" " ind2="0">
      <subfield code="a">Occasional research reports ;</subfield>
      <subfield code="v">research rept. no. 41.</subfield>
    </datafield>
    <datafield tag="856" ind1="4" ind2="1">
      <subfield code="u">http://archive.org/details/19891990pp41bory</subfield>
      <subfield code="z">Free eBook from the Internet Archive</subfield>
      <subfield code="3">Volume 41</subfield>
    </datafield>
    <datafield tag="856" ind1="4" ind2="2">
      <subfield code="u">http://www.openlibrary.org/books/OL753982M</subfield>
      <subfield code="z">Additional information and access via Open Library</subfield>
      <subfield code="3">Volume 41</subfield>
    </datafield>
  </record>
</collection>
